<record><leader>00000cas a2200000 a 4500</leader><controlfield tag="001">244481759</controlfield><controlfield tag="008">080827c20089999mdudr ne      0   a0eng c</controlfield><datafield ind1=" " ind2=" " tag="010"><subfield code="a">  2008251006</subfield></datafield><datafield ind1=" " ind2=" " tag="040"><subfield code="a">UMC</subfield><subfield code="b">eng</subfield><subfield code="c">UMC</subfield><subfield code="d">UMC</subfield><subfield code="d">NSD</subfield><subfield code="d">DLC</subfield><subfield code="d">OCLCQ</subfield><subfield code="d">DOS</subfield><subfield code="d">DLC</subfield><subfield code="d">OCLCQ</subfield><subfield code="d">OCLCF</subfield></datafield><datafield ind1=" " ind2=" " tag="012"><subfield code="l">a</subfield></datafield><datafield ind1="0" ind2=" " tag="022"><subfield code="a">1943-9504</subfield><subfield code="l">1943-9504</subfield><subfield code="2">1</subfield></datafield><datafield ind1="1" ind2=" " tag="029"><subfield code="a">AU@</subfield><subfield code="b">000043364483</subfield></datafield><datafield ind1=" " ind2=" " tag="037"><subfield code="b">Baltimore Sun Co., 501 N. Calvert St., Baltimore, MD 21278-0001</subfield></datafield><datafield ind1=" " ind2=" " tag="042"><subfield code="a">pcc</subfield><subfield code="a">nsdp</subfield></datafield><datafield ind1=" " ind2=" " tag="043"><subfield code="a">n-us-md</subfield></datafield><datafield ind1="0" ind2="0" tag="050"><subfield code="a">Newspaper</subfield></datafield><datafield ind1="1" ind2="0" tag="082"><subfield code="a">070</subfield><subfield code="2">14</subfield></datafield><datafield ind1=" " ind2="4" tag="222"><subfield code="a">The Baltimore sun</subfield></datafield><datafield ind1="0" ind2="4" tag="245"><subfield code="a">The Baltimore sun.</subfield></datafield><datafield ind1=" " ind2=" " tag="260"><subfield code="a">Baltimore, MD :</subfield><subfield code="b">Baltimore Sun Co.,</subfield><subfield code="c">[2008]-</subfield></datafield><datafield ind1=" " ind2=" " tag="300"><subfield code="a">v.</subfield></datafield><datafield ind1=" " ind2=" " tag="310"><subfield code="a">Daily</subfield></datafield><datafield ind1="1" ind2=" " tag="362"><subfield code="a">Began with 171st year, no. 237 (Aug. 24, 2008).</subfield></datafield><datafield ind1=" " ind2=" " tag="530"><subfield code="a">Also issued online and also issued on microfilm from University Microfilms International, and the Library of Congress Photoduplication Service.</subfield></datafield><datafield ind1=" " ind2=" " tag="588"><subfield code="a">Description based on: 171st year, no. 237 (Aug. 24, 2008); title from masthead.</subfield></datafield><datafield ind1=" " ind2="0" tag="651"><subfield code="a">Baltimore (Md.)</subfield><subfield code="v">Newspapers.</subfield></datafield><datafield ind1=" " ind2="7" tag="655"><subfield code="a">Newspapers.</subfield><subfield code="2">fast</subfield><subfield code="0">(OCoLC)fst01423814</subfield></datafield><datafield ind1=" " ind2="7" tag="651"><subfield code="a">Maryland</subfield><subfield code="z">Baltimore.</subfield><subfield code="2">fast</subfield><subfield code="0">(OCoLC)fst01204292</subfield></datafield><datafield ind1=" " ind2=" " tag="752"><subfield code="a">United States</subfield><subfield code="b">Maryland</subfield><subfield code="d">Baltimore.</subfield></datafield><datafield ind1="0" ind2="8" tag="776"><subfield code="i">Online version:</subfield><subfield code="t">Baltimore sun</subfield><subfield code="x">2165-1752</subfield><subfield code="w">(DLC)  2011267046</subfield><subfield code="w">(OCoLC)316184230</subfield></datafield><datafield ind1="0" ind2="0" tag="780"><subfield code="t">Sun (Baltimore, Md. : 1837)</subfield><subfield code="w">(DLC)sn 83045682</subfield><subfield code="w">(OCoLC)7909813</subfield></datafield><datafield ind1="4" ind2="1" tag="856"><subfield code="3">Library Press Display</subfield><subfield code="u">http://library.pressdisplay.com/pressdisplay/viewer.aspx?newspaper=baltimore+sun</subfield><subfield code="z">Subscription required for access.</subfield></datafield><datafield ind1="4" ind2="1" tag="856"><subfield code="u">http://www.baltimoresun.com</subfield></datafield></record>